2336 3776
55 163 79 228 4

55 293 516 413 rauormaurrquasoereuae
538 326 660 411 quareo
682 325 826 398 sanata
859 327 940 405 fare,
962 329 1028 394 ro·-

58 433 241 500 lemnitera
259 434 356 501 vobis
375 435 519 520 Friburgi
540 434 702 499 vindicata
720 432 920 500 defendatur.

97 655 212 722 Earum
227 655 268 706 ἔκ·
365 648 524 736 Scriptum
549 647 714 724 vestrum,
737 648 898 718 Dostores
920 654 1016 717 theo·

54 749 124 818 sssf·
142 747 268 813 mm·
281 755 371 843 logi,
394 777 488 843 aequo
503 758 618 820 tunimo
647 756 731 840 legi,
761 773 866 842 eoque
890 779 1017 824 accura-

58 843 268 912 ⁸⁵s⁶'¹¹'⁸“'¹¹³⁹'
281 868 345 931 tius
366 866 594 930 sententiarum
610 867 754 928 omnium
774 867 915 948 pondera
939 888 1017 930 exa-

58 941 163 992 m*
282 975 424 1052 minavi,
447 974 534 1058 quod
556 991 593 1032 ea
620 968 659 1035 fit
679 984 956 1056 argumentorum,
978 974 1018 1036 de

58 1087 173 1174 quibus
201 1083 447 1170 disputationem
464 1079 628 1155 movetis,
653 1079 809 1168 dignitas,
836 1087 873 1142 ut
897 1079 956 1141 alia
977 1081 1017 1144 fi-

59 1185 134 1258 dem
154 1183 342 1255 catholicam
361 1184 526 1272 spestent,
547 1184 607 1250 alia
626 1188 665 1250 ad
686 1175 880 1272 dist'iplinam
897 1187 1015 1250 ab'Ec-

61 1299 153 1364 clesra
173 1295 347 1363 universali
364 1277 525 1379 receptam
544 1297 746 1378 pertineant,
762 1313 765 1320 ’
779 1293 889 1358 omnia
908 1305 1018 1358 autem

61 1405 139 1476 fidei
170 1401 360 1469 illustrandae
388 1415 424 1464 ac
447 1401 592 1476 tuendae,
616 1403 647 1488 st
674 1415 821 1467 aoeurota
841 1422 941 1471 manu
968 1421 1017 1467 res

55 1511 164 1604 suifftt
181 1509 333 1590 satiata,
356 1508 513 1574 inservire
527 1508 713 1574 debuissent.
792 1523 807 1578 t

146 1679 277 1766 Itaque,
300 1677 376 1762 quid
397 1677 511 1742 sentiat
530 1629 806 1765 virtheologus,
839 1681 890 1744 cui
911 1679 1027 1768 supro„

64 1787 206 1860 menaea
233 1780 297 1848 elle
318 1785 413 1850 debet
437 1785 493 1848 lex
518 1806 554 1850 ac
575 1788 702 1874 regula,-
732 1796 770 1852 ut
788 1788 864 1854 iidei
886 1789 1026 1874 placita,

64 1916 134 1964 nou
165 1893 222 1960 nist
252 1892 414 1975 scripturae
435 1891 480 1980 ,ἀ
509 1897 690 1960 traditionis
710 1898 884 1960 autoritate
905 1895 1025 1982 probet
1080 1886 1085 1896 “

65 2001 312 2079 senoniense,
335 2001 510 2084 accipiatis,
535 2005 665 2087 quaeso,
689 2004 725 2067 δι
749 2005 876 2086 quidem
899 2003 1020 2086 placide

67 2109 236 2194 sedateque
261 2103 406 2170 audiatis.
450 2107 525 2171 Non
544 2120 665 2170 temere
686 2108 816 2190 loquar:
840 2109 934 2172 bonis
951 2111 1020 2171 ani-

66 2221 130 2284 mis
149 2235 321 2301 numquam
343 2214 473 2278 molesia
497 2214 560 2278 esse
577 2215 673 2278 debet
694 2215 834 2276 veritas:
857 2233 925 2276 non
945 2215 1020 2303 vin

68 2321 387 2400 etmur,·u0u0res
416 2323 584 2406 theologi,
614 2322 667 2385 sed
694 2321 874 2384 instruimur
895 2311 1021 2407 quando
1060 2386 1065 2408 Ι

65 2417 250 2498 offeruntur
278 2431 373 2494 nobis
398 2424 542 2494 meliora.
588 2431 661 2514 Ego
683 2426 789 2493 autern
810 2441 886 2492 ante
906 2431 1021 2492 oculos

47 2537 195 2602 'vestros
220 2538 350 2600 unicum
377 2534 567 2622 principium
587 2551 786 2622 proponant,
811 2537 946 2611 scilicet,
968 2535 1022 2599 slt-

69 2667 209 2732 premam
231 2646 330 2720 hauc,
345 2651 387 2706 'ac
410 2667 455 2708 ex
471 2658 583 2710 natura
607 2646 659 2709 sua
680 2646 771 2729 plane
800 2644 1021 2721 decretoriam,

71 2775 165 2842 quarn
177 2749 334 2818 Catholici
352 2766 464 2816 onmes
485 2755 518 2816 in
537 2753 674 2818 Ecclesia
698 2751 810 2818 Christi
830 2751 1019 2835 agnoscunt,

72 2860 112 2923 de
139 2859 233 2923 rebus
258 2859 393 2925 fidei&
411 2877 538 2923 morum
566 2859 794 2947 pronuntiandi
814 2856 1018 2944 potestatem

72 2987 116 3030 ex
140 2987 200 3051 qua
220 2981 281 3028 una
299 2968 504 3049 deciduntur,
524 2969 783 3051 definiunturque
795 2967 829 3028 in
850 2974 915 3028 tarn
937 2965 1021 3029 mul·

71 3074 175 3156 tiplici
201 3075 448 3158 disputationum
476 3078 632 3139 varietate
655 3087 692 3137 ea
721 3075 847 3150 omnia,
880 3093 951 3160 quae
978 3073 1023 3137 de·

41 3165 47 3186 ¹
73 3181 312 3268 quibuscunque
336 3181 410 3245 fidei
429 3193 484 3246 aut
499 3203 626 3249 morum
649 3181 745 3245 causis
765 3191 1021 3246 controvertun·
1091 3222 1093 3229 -

72 3299 144 3364 tur,
166 3291 263 3353 itaut
284 3308 396 3353 omnes
410 3309 476 3354 uuo
497 3288 581 3380 quast
599 3289 666 3354 ictu
687 3309 812 3354 errores
830 3289 921 3356 fimus
941 3273 1019 3354 cort·

74 3394 248 3461 fodiantur.
318 3394 321 3399 ’

159 3545 207 3607 Ne
225 3549 298 3631 qnid
317 3560 424 3614 autern
439 3547 591 3634 temporis
612 3545 689 3610 mihi
709 3545 821 3616 frustrt'
842 3561 960 3638 pereat,
982 3549 1020 3616 ad

17 3622 65 3672 ι’
89 3655 273 3741 propositum
293 3641 396 3722 statim
419 3658 531 3724 venio.
1011 3651 1015 3658 ’
